%% This BibTeX bibliography file was created using BibDesk.
%% http://bibdesk.sourceforge.net/

%% Created for Massimiliano Canzi at 2018-01-10 13:51:31 +0100 


%% Saved with string encoding Unicode (UTF-8) 



@article{Kuznetsova-2015,
	Author = {Kuznetsova, Alexandra and Brockhoff, Per Bruun and Christensen, Rune Haubo Bojesen},
	Date-Added = {2018-01-10 12:50:00 +0000},
	Date-Modified = {2018-01-10 12:51:18 +0000},
	Journal = {R package version},
	Title = {Package: lmer test},
	Volume = {2},
	Year = {2015}}

@article{Pisanski-2016,
	Author = {Pisanski, Katarzyna and Mora, Emanuel C and Pisanski, Annette and Reby, David and Sorokowski, Piotr and Frackowiak, Tomasz and Feinberg, David R},
	Date-Added = {2018-01-10 12:49:06 +0000},
	Date-Modified = {2018-01-10 12:49:40 +0000},
	Journal = {Scientific Reports},
	Title = {Volitional exaggeration of body size through fundamental and formant frequency modulation in humans},
	Volume = {6},
	Year = {2016}}

@inproceedings{Elliot-2000,
  title={Comparing the acoustic properties of normal and shouted speech: a study in forensic phonetics},
  author={Elliott, J and others},
  booktitle={Proc. SST-2000: 8th Int. Conf. Speech Sci. \& Tech},
  pages={154--159},
  year={2000}
}

@article{Schulman-1989,
  title={Articulatory dynamics of loud and normal speech},
  author={Schulman, Richard},
  journal={The Journal of the Acoustical Society of America},
  volume={85},
  number={1},
  pages={295--312},
  year={1989},
  publisher={ASA}
}

@article{Remez-1997,
  title={Talker identification based on phonetic information.},
  author={Remez, Robert E and Fellowes, Jennifer M and Rubin, Philip E},
  journal={Journal of Experimental Psychology: Human Perception and Performance},
  volume={23},
  number={3},
  pages={651},
  year={1997},
  publisher={American Psychological Association}
}

@article{Kunzel-1989,
	Author = {K{\"u}nzel, H. J.},
	Date-Added = {2018-01-10 12:45:37 +0000},
	Date-Modified = {2018-01-10 12:46:23 +0000},
	Journal = {Phonetica},
	Pages = {117-125},
	Title = {How well does average fundamental frequency correlate with speaker height and weight?},
	Volume = {46},
	Year = {1989}}

@article{Feinberg-2005,
	Annote = {@article{feinberg2005manipulations,
  title={Manipulations of fundamental and formant frequencies influence the attractiveness of human male voices},
  author={Feinberg, David R and Jones, Benedict C and Little, Anthony C and Burt, D Michael and Perrett, David I},
  journal={Animal Behaviour},
  volume={69},
  number={3},
  pages={561--568},
  year={2005},
  publisher={Elsevier}
}},
	Author = {Feinberg, David R and Jones, Benedict C and Little, Anthony C and Burt, D Michael and Perrett, David I},
	Date-Added = {2018-01-10 12:42:22 +0000},
	Date-Modified = {2018-01-10 12:44:32 +0000},
	Journal = {Animal Behaviour},
	Number = {3},
	Pages = {561-568},
	Title = {Manipulations of fundamental and formant frequencies influence the attractiveness of human male voices},
	Volume = {69},
	Year = {2005}}

@article{Ohala-1982,
	Author = {J. J. Ohala},
	Date-Added = {2018-01-10 12:38:28 +0000},
	Date-Modified = {2018-01-10 12:39:53 +0000},
	Journal = {The Journal of the Acoustical Society of America},
	Number = {S1},
	Pages = {S66-S66},
	Title = {The voice of dominance},
	Volume = {72},
	Year = {1982}}
